%----------------------------Κεφάλαιο 06-------------------
@Book{asyro,
 author = {Συρόπουλος, Απόστολος},
 title = {Ψηφιακή τυπογραφία με το {\XeLaTeX}},
 publisher = {Επίκεντρο},
 year = {2010},
 address = {Θεσσαλονίκη},
 isbn = {978-960-458-259-4}
 }

%----------------------------Κεφάλαιο 07-------------------
 @Book{pap,
 author = {Παπανικολάου, Γ. and Παλαιολόγου, Δ. and Κατσαρέλη, Ε. and Κατσίλα, Θ. and Τσαρουχά, Χ. and Τζέτη, Μ. and Λιλάκος, Κ. and Δούκισσας, Λ.},
 title = { Εργαστηριακές ασκήσεις γενετικής του ανθρώπου.},
 publisher = {Σύνδεσμος Ελληνικών Ακαδημαϊκών Βιβλιοθηκών},
 year = {2015},
 address = {Αθήνα},
 isbn = {978-960-603-310-0}
 }
 @Book{papan2,
 author = {Παπανικολάου, Γ.},
 title = {Παθοφυσιολογία για διαιτολόγους.},
 publisher = {Σύνδεσμος Ελληνικών Ακαδημαϊκών Βιβλιοθηκών},
 year = {υπό έκδοση},
 address = {Αθήνα}
  }

% 15369635
@Article{pmid15369635,
   Author="Hardy, G. H.  and Hardy, G. H. ",
   Title="{{M}endelian proportions in a mixed population. 1908}",
   Journal="Yale J Biol Med",
   Year="2003",
   Volume="76",
   Number="2",
   Pages="79--80"
}

% 17779291
@Article{pmid17779291,
   Author="Hardy, G. H. ",
   Title="{{M}endelian proportions in a mixed population}",
   Journal="Science",
   Year="1908",
   Volume="28",
   Number="706",
   Pages="49--50",
   Month="Jul"
}

@book{9780470464670,
  Author = {John H. Relethford},
  Title = {Human Population Genetics},
  Publisher = {Wiley-Blackwell},
  address="New York",
  Year = {2012},
  ISBN = {0470464674}
}

